<?xml version="1.0" encoding="UTF-8"?><record xmlns="http://www.loc.gov/MARC21/slim" xmlns:cinclude="http://apache.org/cocoon/include/1.0" xmlns:zs="http://www.loc.gov/zing/srw/">
  <leader>00450nz  a2200133n  4500</leader>
  <controlfield tag="001">nb2011023858</controlfield>
  <controlfield tag="003">DLC</controlfield>
  <controlfield tag="005">20110909075145.0</controlfield>
  <controlfield tag="008">110907n| acannaabn          |n aaa      </controlfield>
  <datafield tag="010" ind1=" " ind2=" ">
    <subfield code="a">nb2011023858</subfield>
  </datafield>
  <datafield tag="035" ind1=" " ind2=" ">
    <subfield code="a">(Uk)008251346</subfield>
  </datafield>
  <datafield tag="040" ind1=" " ind2=" ">
    <subfield code="a">Uk</subfield>
    <subfield code="b">eng</subfield>
    <subfield code="c">Uk</subfield>
  </datafield>
  <datafield tag="100" ind1="1" ind2=" ">
    <subfield code="a">Wortley, Alexandra H.</subfield>
  </datafield>
  <datafield tag="670" ind1=" " ind2=" ">
    <subfield code="a">Thematic review of Darwin Initiative's contribution to the global taxonomy initiative, 2005:</subfield>
    <subfield code="b">PDF file, p.1 (Alexandra H. Wortley) p.57 (Dr. Alexandra Wortley)</subfield>
  </datafield>
</record>